<?xml version="1.0" encoding="UTF-8"?><record xmlns="http://www.loc.gov/MARC21/slim" xmlns:cinclude="http://apache.org/cocoon/include/1.0" xmlns:zs="http://www.loc.gov/zing/srw/">
  <leader>00696cz  a2200145n  4500</leader>
  <controlfield tag="001">no2002082847</controlfield>
  <controlfield tag="003">DLC</controlfield>
  <controlfield tag="005">20040601052011.0</controlfield>
  <controlfield tag="008">020910n| acannaabn          |a aaa     c</controlfield>
  <datafield tag="010" ind1=" " ind2=" ">
    <subfield code="a">no2002082847</subfield>
  </datafield>
  <datafield tag="035" ind1=" " ind2=" ">
    <subfield code="a">(OCoLC)oca05859365</subfield>
  </datafield>
  <datafield tag="040" ind1=" " ind2=" ">
    <subfield code="a">BrSU</subfield>
    <subfield code="b">eng</subfield>
    <subfield code="c">BrSU</subfield>
  </datafield>
  <datafield tag="100" ind1="1" ind2=" ">
    <subfield code="a">Lancha Junior, Antonio Herbert</subfield>
  </datafield>
  <datafield tag="400" ind1="1" ind2=" ">
    <subfield code="a">Junior, Antonio Herbert Lancha</subfield>
  </datafield>
  <datafield tag="670" ind1=" " ind2=" ">
    <subfield code="a">Efeito da suplementação de aminoácidos (aspartato e asparagina) sobre o transporte de glicose em músculo esquelético de ratos, 1997:</subfield>
    <subfield code="b">t.p. (Antonio Herbert Lancha Júnior, tese de livre-docência, Departamento de Biodinâmica do Movimento do Corpo Humano, Escola de Educação Física e Esporte, Universidade de São Paulo)</subfield>
  </datafield>
</record>